<?xml version="1.0" encoding="UTF-8"?><collection xmlns="http://www.loc.gov/MARC21/slim"><record><leader>00454nam--2200157-i-4500</leader><controlfield tag="001">000020529</controlfield><controlfield tag="002">20161230</controlfield><controlfield tag="005">20161230201033</controlfield><controlfield tag="008">060222s1000------------r-----000-0-eng-d</controlfield><datafield ind1=" " ind2=" " tag="020"><subfield code="a">3-540-16</subfield></datafield><datafield ind1=" " ind2=" " tag="080"><subfield code="a">530.145.61</subfield></datafield><datafield ind1=" " ind2=" " tag="100"><subfield code="a">Cycon, H.L. /S.A.</subfield></datafield><datafield ind1=" " ind2=" " tag="245"><subfield code="a">Schrodinger operators with applicationn to quantum mechanics and global geometry</subfield></datafield><datafield ind1=" " ind2=" " tag="260"><subfield code="a">Berlin, Springer-verlag, 1987. 314 P</subfield></datafield><datafield ind1=" " ind2=" " tag="490"><subfield code="a">Texts And Monograps In Physics</subfield></datafield><datafield ind1=" " ind2=" " tag="852"><subfield code="a">80383</subfield></datafield></record></collection>